%CITED%
@InProceedings{AMLIGAS01,
  Title                    = {Machine learning in games: A survey},
  Author                = {J  Furnkranz},
  Booktitle            = {Machine that Learn to Play Games},
  Year                    = {2001},
  Address                  = { Huntington, NY, USA: Nova Science},
  Month                 = {},
  Pages                  = {11-59},
}
%CITED%
@InProceedings{ACPAR11,
  Title                    = {Computer poker: A review},
  Author                = {J Rubin and I Watson},
  Booktitle            = {Artif. Intell., vol.175,no.5},
  Year                    = {2011},
  Month                 = {},
  Pages                  = {958-987},
}
%CITED%

%CITED%
@InProceedings{FHSFRTSGCSS12,
  Title                    = {Fast heuristic search for {RTS} game combat scenarios},
  Author                = {D Churchill and A Saffidine and M Buro},
  Booktitle            = {AIIDE},
  Year                    = {2012},
  Month                 = {},
  Pages                  = {},
}
%CITED%
@article{silver2016mastering,
  title={Mastering the game of Go with deep neural networks and tree search},
  author={Silver, David and Huang, Aja and Maddison, Chris J and Guez, Arthur and Sifre, Laurent and Van Den Driessche, George and Schrittwieser, Julian and Antonoglou, Ioannis and Panneershelvam, Veda and Lanctot, Marc and others},
  journal={nature},
  volume={529},
  number={7587},
  pages={484--489},
  year={2016},
  publisher={Nature Research}
}

@inproceedings{vadakkepat2000evolutionary,
  title={Evolutionary artificial potential fields and their application in real time robot path planning},
  author={Vadakkepat, Prahlad and Tan, Kay Chen and Ming-Liang, Wang},
  booktitle={Evolutionary Computation, 2000. Proceedings of the 2000 Congress on},
  volume={1},
  pages={256--263},
  year={2000},
  organization={IEEE}
}

%CITED%
@InProceedings{GPM95,
  Title                    = {Game playing machines},
  Author                = {C.E.Shannon},
  Booktitle            = {Journal of the Franklin Institute Vol. 260 no. 6},
  Year                    = {1995},
  Month                 = {},
  Pages                  = {},
}
%CITED%

%CITED%
@InProceedings{ABMFRUCATS11,
  Title                    = {A Bayesian Model for {RTS} Units Control
applied to StarCraft},
  Author                = {G Synnaeve and P Bessiere},
  Booktitle            = {Proceedings of IEEE CIG},
  Year                    = {2011},
  Month                 = {},
  Pages                  = {},
}
%CITED%

%CITED%
@InProceedings{ARLTSSCITRTSGSB12,
  Title                    = {Applying reinforcement learning to small
scale combat in the real-time strategy game starcraft:broodwar},
  Author                = {S Wender and I Watson},
  Booktitle            = {IEEE CIG},
  Year                    = {2012},
  Month                 = {},
  Pages                  = {},
}
%CITED%

%CITED%
@InProceedings{IMOGIRTSG08,
  Title                    = {Intelligent moving of groups in real-time strategy games},
  Author                = {H Danielsiek and R Stuer and A Thom and N Beume B Naujoks and M Preuss},
  Booktitle            = { IEEE Symposium On Computational Intelligence and Games},
  Year                    = {2008},
  Month                 = {},
  Pages                  = {71-78},
}
%CITED%

%CITED%
@InProceedings{IAGAFSOFIS16,
  Title                    = {A multi-objective genetic algorithm for simulating optimal fights in StarCraft {II}},
  Author                = {Jonas Schmitt and Harald Köstler},
  Booktitle            = { IEEE CIG},
  Year                    = {2016},
  Month                 = {},
  Pages                  = {},
}
%CITED%

%CITED%
@InProceedings{EMPFBAAFSSIRG11,
  Title                    = {Evolutionary Multi-Agent Potential Field based {AI} approach for {SSC} scenarios in {RTS} games},
  Author                = {Thomas Willer Sandberg and Julian Togelius},
  Booktitle            = { PHD thesis},
  Year                    = {2011},
  Month                 = {},
  Pages                  = {},
}
%CITED%

%CITED%
@InProceedings{MISUPFTWMOGA12,
  Title                    = {Micromanagement in StarCraft using 
Potential Fields tuned with a Multi- Objective Genetic Algorithm},
  Author                = {Espen Auran Rathe and ørgen Bøe Svendsen},
  Booktitle            = { Maste thesis},
  Year                    = {2012},
  Month                 = {},
  Pages                  = {},
}
%CITED%

%CITED%
@InProceedings{CCNMAS07,
  Title                    = {Consensus and cooperation in networked multi-agent system},
  Author                = {R Olfati-Saber and J. A Fas and R. M Murry},
  Booktitle            = { Proceedings of the IEEE vol.95, no.1},
  Year                    = {2007},
  Month                 = {},
  Pages                  = {215-233},
}
%CITED%

%CITED%
@InProceedings{FCMC01,
  Title                    = {Formation constrained multi-agent control},
  Author                = {M Egerstedt and X Hu},
  Booktitle            = { IEEE tramsactions on, vol.17, no.6},
  Year                    = {2001},
  Month                 = {},
  Pages                  = {947-951},
}
%CITED%

%CITED%
@InProceedings{ASORSGARACIS13,
  Title                    = {A survey of real-time strategy game {AI} research and competition in StarCraft},
  Author                = {Santiago Ontañon and Gabriel Synnaeve and Alberto Uriarte and Florian Richoux and  David Churchill and Mike Preuss},
  Booktitle            = {IEEE Trans. Comput. Intell. AI Games,vol.5,no.4},
  Year                    = {2013},
  Month                 = {Dec},
  Pages                  = {1-19},
}

%CITED%
@InProceedings{KIRGUIM12,
  Title                    = {Kiting in {RTS} games using influence maps},
  Author                   = {A Uriarte and S Ontanón},
  Booktitle                = {Proc. 8th Artif. Intell. Interactive Digital Entertain. Conf.},
  Year                     = {2012},
  Month                    = {},
  Pages                    = {},
}

%CITED%
@InProceedings{ACSFLMIRSG09,
  Title                    = {A CBR/RL system for learning micromanagement in real-time strategy games},
  Author                   = {M.J. Gunnerud},
  Booktitle                = {M.S. thesis, Dept. Comput. Inf.Sci., Norwegian Uni.Sci. Technol.},
  Address                  = {Trondheim, Norway},
  Year                     = {2009},
  Month                    = {},
  Pages                    = {},
}

%CITED%
@InProceedings{ARLTSSCITRSGS12,
  Title                    = {Applying reinforcement learning to small scale combat in the real-time strategy game StarCraft:Broodwar},
  Author                   = {S. Wender and I. watson},
  Booktitle                = {Proc. IEEE conf. comput. Intell. Games},
  Address                  = {},
  Year                     = {2012},
  Month                    = {},
  Pages                    = {402-408},
}

%CITED%
@InProceedings{EEMIRSG16,
  Title                       = {Evolving effective microbehavior in real-time strategy games},
  Author                   = {Siming Liu and Sushil J. Louis and Christopher A. Ballinger},
  Booktitle                = {IEEE Trans. Comput. Intell. AI Games,vol.8,no.4},
  Address                  = {},
  Year                     = {2016},
  Month                    = {Dec},
  Pages                    = {},
}
%CITED%
@electronic{website2014,
 title     = "StarCraft {II API} ",
 url       = "http://us.battle.net/sc2/en/blog/20944009/the-starcraft-ii-api-has-arrived-8-9-2017"
}
%CITED%
@electronic{website2013,
 title     = "An Application Programming Interface for interacting with Starcraft: Broodwar",
 url       = "https://bwapi.github.io"
}
%CITED%

%CITED%
@InProceedings{NMFCC97,
  Title                    = {New methods for competitive coevolution},
  Author                   = {Christopher D. Rosin and Richard K. Belew },
  Booktitle                = {Evolutionary computation, 1997 - MIT Press},
  Address                  = {},
  Year                     = {1997},
  Month                    = {},
  Pages                    = {1-29},
}
%CITED%

%CITED%
@article{hillis1990co,
  title={Co-evolving parasites improve simulated evolution as an optimization procedure},
  author={Hillis, W Daniel},
  journal={Physica D: Nonlinear Phenomena},
  volume={42},
  number={1-3},
  pages={228--234},
  year={1990},
  publisher={Elsevier}
}
%CITED%

%CITED%
@InProceedings{RSANARC03,
  Title                    = {Real-time strategy games: A new {AI} research challenge},
  Author                   = {Michael Buro},
  Booktitle                = {IJCAI, 2003 - skatgame.net},
  Address                  = {},
  Year                     = {2003},
  Month                    = {},
  Pages                    = {},
}


%CITED%
@InProceedings{CIMTBSGP07,
  Title                    = {Co-evolving influence map tree based strategy game players},
  Author                   = {C. Miles and J. Quiroz and R. Leigh and S. Louis},
  Booktitle                = {Proc. IEEE symp. Comput. Intell. Game},
  Address                  = {},
  Year                     = {2007},
  Month                    = {April},
  Pages                    = {88-95},
}

%CITED%
@InProceedings{CIMACAFRGA05,
  Title                    = {Combining influence maps and cellular automata for reactive game agents},
  Author                   = {Proc. 6th Int. Conf. Intell. Data Eng. Autom. Learning},
  Booktitle                = {Proc. IEEE symp. Comput. Intell. Game},
  Address                  = {},
  Year                     = {2005},
  Month                    = {},
  Pages                    = {209-215},
}
%CITED%

%CITED%
@article{schonfeld32survery,
  title={A Survery of Coevolutionary Algorithms Research},
  author={Schonfeld, Justin and Louis, Sushil J and Doe, Jane},
  journal={evolution},
  volume={32},
  number={67},
  pages={63}
}
%CITED%

%CITED%
@InProceedings{ASRFTSG08,
  Title                    = {Adaptive spatial reasoning for turn-based strategy games},
  Author                   = {M.Bergsma and P. Spronck},
  Booktitle                = {Proc. Artif. Intell. Interactive Digital Entertain. Conf.},
  Address                  = {},
  Year                     = {2008},
  Month                    = {},
  Pages                    = {},
}


%CITED%
@InProceedings{ENNWLIMITRSGC08,
  Title                    = {Evolving neural {NPCs} with layered influence map in the real-time simulation game conqueror},
  Author                   = {S.-H. Jang and S.-B. Cho},
  Booktitle                = {Proc. IEEE Symp. Comput. Intell. Games},
  Address                  = {},
  Year                     = {2008},
  Month                    = {Dec},
  Pages                    = {385-385},
}


%CITED%
@article{preuss2010towards,
  title={Towards intelligent team composition and maneuvering in real-time strategy games},
  author={Preuss, Mike and Beume, Nicola and Danielsiek, Holger and Hein, Tobias and Naujoks, Boris and Piatkowski, Nico and Stuer, Raphael and Thom, Andreas and Wessing, Simon},
  journal={IEEE Transactions on Computational Intelligence and AI in Games},
  volume={2},
  number={2},
  pages={82--98},
  year={2010},
  publisher={IEEE}
}


%CITED%
@InProceedings{IMOGIRSG08,
  Title                    = {Intelligent moving of groups in real-time strategy games},
  Author                   = {H  Danielsiek et al},
  Booktitle                = {IEEE Sypm. Comput. Intell. Games},
  Address                  = {},
  Year                     = {2008},
  Month                    = {},
  Pages                    = {71-78},
}


%CITED%
@InProceedings{TCFHFOAFMR91,
  Title                    = {The vector field histogram - fast obstacle avoidance for mobile robots},
  Author                   = {J Borenstein and Y Koren},
  Booktitle                = {IEEE Journal of Robotics and Automation vol.7, no. 3},
  Address                  = {},
  Year                     = {1991},
  Month                    = {Jun},
  Pages                    = {278-288},
}

@article{heinermann2012bwapi,
  title={BWAPI—An API for interacting with StarCraft: BroodWar},
  author={Heinermann, A and others},
  journal={available from (accessed 2014-02-03)},
  year={2012}
}

%CITED%
@InProceedings{ROAFMAMR86,
  Title                    = {Real-Time obstacle avoidance for manipulators and mobile rotobs},
  Author                   = {O khatib},
  Booktitle                = {Int. J. Robot. Res. vol.5,no.1},
  Address                  = {},
  Year                     = {1986},
  Month                    = {Jun},
  Pages                    = {90-98},
}


%CITED%
@InProceedings{CACINMS07,
  Title                    = {Consensus and cooperation in networked multi-agent systems},
  Author                   = {R Olfati-saber and J.A Fax and R.M Murray},
  Booktitle                = {Proc. IEEE,vol.95,no.1},
  Address                  = {},
  Year                     = {2007},
  Month                    = {},
  Pages                    = {215-233},
}

%CITED%
@InProceedings{FCMC101,
  Title                    = {Formation constrained multi-agent control},
  Author                   = {M Egerstedt and X Hu},
  Booktitle                = {IEEE Trans. Robot. Autom, vol. 17,no.6},
  Address                  = {},
  Year                     = {2001},
  Month                    = {Dec},
  Pages                    = {947-951},
}

%CITED%
@InProceedings{FHSADBM87,
  Title                    = {Flocks, hers and schools: A distributed behavioral model},
  Author                   = {C Reynolds},
  Booktitle                = {ACM SIGGRAPH Compt. Graphics,vol.21,no.4},
  Address                  = {},
  Year                     = {1987},
  Month                    = {},
  Pages                    = {25-34},
}

%CITED%
@InProceedings{UMPFIRSG08,
  Title                    = {Using multi-agent potential fields in real-time strategy games games games games},
  Author                   = {J Hagelback and S Johansson},
  Booktitle                = {Proc. Artif. Intell. Interactive Digital Entertainment Conf.},
  Address                  = {},
  Year                     = {2008},
  Month                    = {},
  Pages                    = {},
}


%CITED%
@InProceedings{OFSRGE07,
  Title                    = {ORTS-A free software {RTS} game engine},
  Author                   = {M Buro},
  Booktitle                = {vol.20},
  Address                  = {},
  Year                     = {2007},
  Month                    = {},
  Pages                    = {},
}


%CITED%
@InProceedings{CHSMFFEGBIRG13,
  Title                    = {Comparing heuristic search methods for finding effective group behaviors in {RTS} game},
  Author                   = {S Liu and S. J Louis and M Nicolescu},
  Booktitle                = {Proc. IEEE congr. Evol. Comput.},
  Address                  = {},
  Year                     = {2013},
  Month                    = {},
  Pages                    = {1371-1378},
}


%CITED%
@InProceedings{CCGAAHFFRSGP13,
  Title                    = {Comparing coevolution, genetic algorithms, and hill-climbers for finding real-time strategy game plans},
  Author                   = {Christopher Ballingers and Sushil Louis},
  Booktitle                = {GECCO '13 Companion Proceedings of the 15th annual conference companion on Genetic and evolutionary computation },
  Address                  = {},
  Year                     = {2013},
  Month                    = {July},
  Pages                    = {47-48},
}

%CITED%
@InProceedings{UCFFEGBIRG13,
  Title                    = {Using CIGAR for finding effective group behaviors in {RTS} game},
  Author                   = {S. Liu and S. J Louis and M Nicolescu},
  Booktitle                = {Proc. IEEE Conf. Comput. Intell. Games},
  Address                  = {},
  Year                     = {2013},
  Month                    = {},
  Pages                    = {1-8},
}

%CITED%
@InProceedings{CIMFSTTIATG10,
  Title                    = {Coevolving influence maps for spatial team tactics in a {RTS} game},
  Author                   = {P Avery and Sushil Louis},
  Booktitle                = {Proc. 12th -Annu. Conf. Genetic Evol. Comput. },
  Address                  = {},
  Year                     = {2010},
  Month                    = {},
  Pages                    = {783-790},
}


%CITED%
@InProceedings{LRBFPOWC14,
  Title                    = {Learning robus build-orders from previous opponents with coevolution},
  Author                   = {C Ballinger and Sushil Louis},
  Booktitle                = {Proc. IEEE Conf. Comput. Intell. Games },
  Address                  = {},
  Year                     = {2014},
  Month                    = {},
  Pages                    = {1-8},
}